Pour auteur, les noms et prénoms sont séparés par une vigule, et les différents auteurs par AND

@misc
{ref1,
	author       = {sonar},
	title        = {sonar},
	howpublished = {\url{https://sonar.test.rero.ch/documents/54/preview/BusinessIntelligence.pdf}},
	year         = {2011}
}


@misc
{ref2,
	author       = {Benjamin Goewey},
	title        = {the 10 most important benefits of business intelligence},
	howpublished = {\url{http://www.datamensional.com/the-10-most-important-benefits-of-businessintelligence}},
	year         = {2021}
}


@misc
{ref3,
	author       = {irit},
	title        = {Rapport BEN KRAIEM Ines},
	howpublished = {\url{https://www.irit.fr/neocampus/images/stages/2017/2017\_Rapport\_BEN\_KRAIEM\_Ines.pdf}},
	year         = {2022}
}

@misc
{ref4,
	author       = {Wikipedia},
	title        = {DataWarehouse},
	howpublished = {\url{https://en.wikipedia.org/wiki/Data\_warehouse}},
	year         = {2022}
}


@misc
{ref5,
	author       = {Shannon kemp},
	title        = {a short history of DataWarehousing},
	howpublished = {\url{http://www.dataversity.net/a-short-history-of-data-warehousing/}},
	year         = {2022}
}


@misc
{ref6,
	author       = {TechDifferences},
	title        = {fact-and-dimension-table},
	howpublished = {\url{http://techdifferences.com/difference-between-fact-and-dimension-table.html}},
	year         = {2022}
}

@misc
{ref7,
	author       = {BI},
	title        = {Developpement-dune-solution-Business},
	howpublished = {\url{http://dspace.univ-tlemcen.dz/bitstream/112/10989/1/Developpement-dune-solution-Business.pdf}},
	year         = {2022}
}

@misc
{ref8,
	author       = {CAPTIO},
	title        = {projet-de-business-intelligence},
	howpublished = {\url{https://www.captio.fr/blog/en-quoi-consiste-un-projet-de-business-intelligence}},
	year         = {2022}
}


@misc
{ref9,
	author       = {choisir-methodologie},
	title        = {etapes-choisir-methodologie},
	howpublished = {\url{https://www.planzone.fr/blog/etapes-choisir-methodologie-gestion-projet}},
	year         = {2022}
}

@misc
{ref10,
	author       = {power-bi},
	title        = {nos-metiers},
	howpublished = {\url{https://www.groupe-hli.com/nos-metiers/power-bi/}},
	year         = {2022}
}


@misc
{ref11,
	author       = {Zyte},
	title        = {Le,Framework,Scrapy},
	howpublished = {\url{https://scrapy.org/}},
	year         = {2022}
}

@misc
{ref12,
	author       = {requests},
	title        = {La,librairie,requests},
	howpublished = {\url{https://fr.python-requests.org/en/latest/}},
	year         = {2022}
}

@misc
{ref13,
	author       = {BeautifulSoup},
	title        = {La,librairie,BeautifulSoup},
	howpublished = {\url{https://lynn-kwong.medium.com/simple-web-scraping-using-requests-beautiful-soup-and-lxml-in-python-4f5903c67db2}},
	year         = {2022}
}

@misc
{ref14,
	author       = {IA},
	title        = {Intelligence,Artificielle},
	howpublished = {\url{https://www.cea.fr/comprendre/Pages/nouvelles-technologies/essentiel-sur-intelligence-artificielle.aspx}},
	year         = {2022}
}

@misc
{ref15,
	author       = {ML},
	title        = {Machine,Learning},
	howpublished = {\url{https://www.oracle.com/fr/artificial-intelligence/deep-learning-machine-learning-intelligence-artificielle.html}},
	year         = {2022}
}


@misc
{ref16,
	author       = {Apprentissage,Supervisé},
	title        = {Apprentissage,Supervisé},
	howpublished = {\url{https://analyticsinsights.io/5-apprentissage-supervise/}},
	year         = {2022}
}

@misc
{ref17,
	author       = {Deep,Learning},
	title        = {Deep,Learning},
	howpublished = {\url{https://www.futura-sciences.com/tech/definitions/intelligence-artificielle-deep-learning-17262/}},
	year         = {2022}
}

@misc
{ref18,
	author       = {Deep,LearningDémystifier,le,Machine,Learning},
	title        = {Démystifier,le,Machine,Learning},
	howpublished = {\url{https://www.juripredis.com/fr/blog/id-19-demystifier-le-machine-learning-partie-2-les-reseaux-de-neurones-artificiels}},
	year         = {2022}
}

@misc
{ref19,
	author       = {Tensorflow},
	title        = {Tensorflow},
	howpublished = {\url{https://www.tensorflow.org/}},
	year         = {2022}
}

@misc
{ref20,
	author       = {Jupyter},
	title        = {Jupyter},
	howpublished = {\url{https://www.saagie.com/fr/blog/quest-ce-que-jupyter-et-pourquoi-est-il-un-outil-incontournable/}},
	year         = {2022}
}

@misc
{ref21,
	author       = {keras},
	title        = {keras},
	howpublished = {\url{https://www.ionos.fr/digitalguide/web-marketing/search-engine-marketing/quest-ce-que-keras/}},
	year         = {2022}
}

@misc
{ref22,
	author       = {Colaboratory},
	title        = {Colaboratory},
	howpublished = {\url{https://colab.research.google.com/?utm_source=scs-index}},
	year         = {2022}
}

@misc
{ref23,
	author       = {Guillaume Saint-Cirgue},
	title        = {LE PERCEPTRON - DEEP LEARNING},
	howpublished = {\url{https://www.youtube.com/watch?v=VlMm4VZ6lk4&list=PLO_fdPEVlfKoanjvTJbIbd9V5d9Pzp8Rw&index=2}},
	year         = {2021}
}

@misc
{ref24,
	author       = {L.D CAMARA},
	title        = {Mes archive AI},
	howpublished = {\url{https://github.com/camara94/archive_ia}},
	year         = {2022}
}

@misc
{ref25,
	author       = {Benjamin Perret},
	title        = {Convolution},
	howpublished = {\url{https://perso.esiee.fr/~perretb/I5FM/TAI/convolution/index.html}},
	year         = {2017}
}

@misc
{ref26,
	author       = {L.D. Camara},
	title        = {convolutional-neural-networks},
	howpublished = {\url{https://github.com/camara94/convolutional-neural-networks}},
	year         = {2017}
}

@misc
{ref27,
	author       = {f-legrand.fr},
	title        = {Filtres gaussiens},
	howpublished = {\url{https://www.f-legrand.fr/scidoc/docmml/image/filtrage/gaussien/gaussien.html}},
	year         = {2017}
}

@misc
{ref28,
	author       = {cs231n},
	title        = {Transfer Learning},
	howpublished = {\url{https://cs231n.github.io/transfer-learning/}},
	year         = {2022}
}

@misc
{ref29,
	author       = {DataScientest},
	title        = {Transfer Learning},
	howpublished = {\url{https://cs231n.github.io/transfer-learning/}},
	year         = {2022}
}


@misc
{ref30,
	author       = {DataScientest},
	title        = {Transfer Learning},
	howpublished = {\url{https://cs231n.github.io/transfer-learning/}},
	year         = {2022}
}


@misc
{ref31,
	author       = {Marine Guyot},
	title        = {Méthode Classique VS méthode Agile},
	howpublished = {\url{https://www.marine-guyot.ovh/methode-agile-ou-classique/#:~:text=On\%20privil\%C3\%A9giera\%20plut\%C3\%B4t\%20la\%20m\%C3\%A9thode,visibilit\%C3\%A9\%20et\%20gestion\%20des\%20risques.}},
	year         = {2022}
}

@misc
{ref32,
	author       = {L.D. CAMARA},
	title        = {Syst\`eme de recommandation},
	howpublished = {\url{https://github.com/camara94/system-de-recommandation}},
	year         = {2022}
}

@misc
{ref33,
	author       = {L.D. CAMARA},
	title        = {Syst\`eme de recommandation},
	howpublished = {\url{https://www.cairn.info/revue-document-numerique-2008-1-page-13.htm}},
	year         = {2022}
}

@misc
{ref34,
	author       = {lucidchart},
	title        = {UML},
	howpublished = {\url{https://www.lucidchart.com/pages/fr/langage-uml}},
	year         = {2022}
}

@misc
{ref35,
	author       = {Acervo Lima},
	title        = {tqdm},
	howpublished = {\url{https://fr.acervolima.com/python-comment-creer-une-barre-de-progression-de-terminal-en-utilisant-tqdm/}},
	year         = {2022}
}

@misc
{ref36,
	author       = {GUILLAUME},
	title        = {Descente de Gradient},
	howpublished = {\url{https://machinelearnia.com/descente-de-gradient/}},
	year         = {2022}
}

@misc
{ref37,
	author       = {Tensorflow},
	title        = {Descente de Gradient},
	howpublished = {\url{https://www.tensorflow.org/api_docs/python/tf/keras/preprocessing/image/ImageDataGenerator}},
	year         = {2022}
}

@misc
{ref38,
	author       = {Cornell University},
	title        = {Computer Science},
	howpublished = {\url{https://arxiv.org/abs/1512.00567}},
	year         = {2022}
}


@misc
{ref39,
	author       = {Red Hat},
	title        = {APIREST},
	howpublished = {\url{https://www.redhat.com/fr/topics/api/what-is-a-rest-api}},
	year         = {2022}
}

@misc
{ref40,
	author       = {kinsta},
	title        = {Endpoint},
	howpublished = {\url{https://kinsta.com/fr/base-de-connaissances/api-endpoint/}},
	year         = {2022}
}

@misc
{ref41,
	author       = {kinsta sdd},
	title        = {Endpoint dsd},
	howpublished = {\url{https://kinsta.com/fr/base-de-connaissances}},
	year         = {2022}
}

@misc
{ref42,
	author       = {kinsta dsd},
	title        = {Endpoint ddsd},
	howpublished = {\url{https://kinsta.com/fr}},
	year         = {2022}
}

@misc
{ref43,
	author       = {kinsta sds},
	title        = {Endpoint},
	howpublished = {\url{https://kinsta.com/en}},
	year         = {2022}
}

@misc
{ref44,
	author       = {kinsta dsd},
	title        = {Endpoint sds},
	howpublished = {\url{https://kinsta.com}},
	year         = {2022}
}
\\
@misc
{ref45,
	author       = {kinsta dsd},
	title        = {Endpoint d},
	howpublished = {\url{https://stardevcgroup.com}},
	year         = {2022}
}
